%% This BibTeX bibliography file was created using BibDesk.
%% http://bibdesk.sourceforge.net/

%% Created for Spencer Smith at 2016-09-22 10:01:42 -0400 


%% Saved with string encoding Unicode (UTF-8) 



@book{RobertsonAndRobertson2012,
	Author = {James Robertson and Suzanne Robertson},
	Date-Added = {2016-09-22 13:54:40 +0000},
	Date-Modified = {2016-09-22 14:01:42 +0000},
	Edition = {16},
	Publisher = {Atlantic Systems Guild Limited},
	Title = {Volere Requirements Specification Template},
	Year = {2012}}

@article{ParnasAndClements1986,
	Author = {David L. Parnas and P.C. Clements},
	Date-Added = {2016-09-10 13:11:57 +0000},
	Date-Modified = {2016-09-10 13:11:57 +0000},
	Journal = {IEEE Transactions on Software Engineering},
	Number = {2},
	Pages = {251--257},
	Title = {A Rational Design Process: How and Why to Fake it},
	Volume = {12},
	Year = {February 1986},
	Bdsk-File-1 = {YnBsaXN0MDDUAQIDBAUGJCVYJHZlcnNpb25YJG9iamVjdHNZJGFyY2hpdmVyVCR0b3ASAAGGoKgHCBMUFRYaIVUkbnVsbNMJCgsMDxJXTlMua2V5c1pOUy5vYmplY3RzViRjbGFzc6INDoACgAOiEBGABIAFgAdccmVsYXRpdmVQYXRoWWFsaWFzRGF0YV8QQy4uLy4uLy4uLy4uL3NlNHNjL1NjaUNvbXBBbmRTb2Z0RW5nUGFwZXJzL1Bhcm5hc0FuZENsZW1lbnRzMTk4Ni5wZGbSFwsYGVdOUy5kYXRhTxEB9gAAAAAB9gACAAAMTWFjaW50b3NoIEhEAAAAAAAAAAAAAAAAAAAA0khroUgrAAAAhfxhGVBhcm5hc0FuZENsZW1lbnRzMTk4Ni5wZGYAAAAAAAAAAAAAAAAAAAAAAAAAAAAAAAAAAAAAAAAAAAAAAAAAAACF/LDT7aEvAAAAAAAAAAAABAADAAAJIAAAAAAAAAAAAAAAAAAAABdTY2lDb21wQW5kU29mdEVuZ1BhcGVycwAAEAAIAADSSKPhAAAAEQAIAADT7dlvAAAAAQAUAIX8YQCF7/8AILODAAlg3gAGKpoAAgBcTWFjaW50b3NoIEhEOlVzZXJzOgBzbWl0aHM6AFJlcG9zOgBzZTRzYzoAU2NpQ29tcEFuZFNvZnRFbmdQYXBlcnM6AFBhcm5hc0FuZENsZW1lbnRzMTk4Ni5wZGYADgA0ABkAUABhAHIAbgBhAHMAQQBuAGQAQwBsAGUAbQBlAG4AdABzADEAOQA4ADYALgBwAGQAZgAPABoADABNAGEAYwBpAG4AdABvAHMAaAAgAEgARAASAEpVc2Vycy9zbWl0aHMvUmVwb3Mvc2U0c2MvU2NpQ29tcEFuZFNvZnRFbmdQYXBlcnMvUGFybmFzQW5kQ2xlbWVudHMxOTg2LnBkZgATAAEvAAAVAAIADf//AACABtIbHB0eWiRjbGFzc25hbWVYJGNsYXNzZXNdTlNNdXRhYmxlRGF0YaMdHyBWTlNEYXRhWE5TT2JqZWN00hscIiNcTlNEaWN0aW9uYXJ5oiIgXxAPTlNLZXllZEFyY2hpdmVy0SYnVHJvb3SAAQAIABEAGgAjAC0AMgA3AEAARgBNAFUAYABnAGoAbABuAHEAcwB1AHcAhACOANQA2QDhAtsC3QLiAu0C9gMEAwgDDwMYAx0DKgMtAz8DQgNHAAAAAAAAAgEAAAAAAAAAKAAAAAAAAAAAAAAAAAAAA0k=}}


@misc{Gamedocu32,
author = {},
title = {Game/documentation/Revision0/requirementsDocumentation/requirementsDocumentation0.pdf · master · theateam / FloppyFish · GitLab},
howpublished = {\url{https://gitlab.cas.mcmaster.ca/theateam/FloppyFishGroup/blob/master/Game/documentation/Revision0/requirementsDocumentation/requirementsDocumentation0.pdf}},
month = {},
year = {},
note = {(Accessed on 10/06/2017)}
}

@misc{template98:online,
author = {},
title = {template version 16},
howpublished = {\url{https://pdfs.semanticscholar.org/cf57/27a59801086cbd3d14e587e09880561dbe22.pdf}},
month = {},
year = {},
note = {(Accessed on 10/06/2017)}
}

@misc{Software13:online,
author = {},
title = {Software Requirements Specification},
howpublished = {\url{http://www.cse.chalmers.se/~feldt/courses/reqeng/examples/srs_example_2010_group2.pdf}},
month = {},
year = {},
note = {(Accessed on 10/06/2017)}
}

@misc{Whatisme4:online,
author = {},
title = {What is meant by web technology? - Quora},
howpublished = {\url{https://www.quora.com/What-is-meant-by-web-technology}},
month = {},
year = {},
note = {(Accessed on 10/06/2017)}
}

@misc{NodejsIn75:online,
author = {},
title = {Node.js Introduction},
howpublished = {\url{https://www.tutorialspoint.com/nodejs/nodejs_introduction.htm}},
month = {},
year = {},
note = {(Accessed on 10/06/2017)}
}

@misc{Expressj29:online,
author = {},
title = {Express.js - Wikipedia},
howpublished = {\url{https://en.wikipedia.org/wiki/Express.js}},
month = {},
year = {},
note = {(Accessed on 10/06/2017)}
}